%% start of file `publications.bib'.
%% Copyright 2006-2012 Xavier Danaux (xdanaux at gmail.com).
%
% This work may be distributed and/or modified under the
% conditions of the LaTeX Project Public License version 1.3c,
% available at http://www.latex-project.org/lppl/.


@article{yang2017trust,
  title={Trust and deception in children with autism spectrum disorders: A social learning perspective},
  author={Yang, Yiying and Tian, Yuan and Fang, Jing and Lu, Haoyang and Wei, Kunlin and Yi, Li},
  journal={Journal of autism and developmental disorders},
  volume={47},
  pages={615--625},
  year={2017},
  publisher={Springer US}
}

@article{zhang2019could,
  title={Could social robots facilitate children with autism spectrum disorders in learning distrust and deception?},
  author={Zhang, Yaoxin and Song, Wenxu and Tan, Zhenlin and Zhu, Huilin and Wang, Yuyin and Lam, Cheuk Man and Weng, Yifang and Hoi, Sio Pan and Lu, Haoyang and Chan, Bella Siu Man and others},
  journal={Computers in Human Behavior},
  volume={98},
  pages={140--149},
  year={2019},
  publisher={Pergamon}
}

@article{li2018measurements,
  title={The measurements and mechanisms of restricted and repetitive behaviors in autism spectrum disorders},
  author={Li, Tianbi and Hu, Yixiao and Song, Ci and Lu, Haoyang and Yi, Li},
  journal={Chinese Science Bulletin},
  volume={63},
  number={15},
  pages={1438--1451},
  year={2018},
  publisher={Science China Press}
}

@article{lu2019perceived,
  title={The perceived social context modulates rule learning in autism},
  author={Lu, Haoyang and Li, Pengli and Fang, Jing and Yi, Li},
  journal={Journal of autism and developmental disorders},
  volume={49},
  pages={4698--4706},
  year={2019},
  publisher={Springer US}
}

@article{lu2019autistic,
  title={Autistic traits influence the strategic diversity of information sampling: Insights from two-stage decision models},
  author={Lu, Haoyang and Yi, Li and Zhang, Hang},
  journal={PLoS computational biology},
  volume={15},
  number={12},
  pages={e1006964},
  year={2019},
  publisher={Public Library of Science San Francisco, CA USA}
}

@article{feng2021audiovisual,
  title={Audiovisual speech perception and its relation with temporal processing in children with and without autism},
  author={Feng, Shuyuan and Lu, Haoyang and Fang, Jing and Li, Xue and Yi, Li and Chen, Lihan},
  journal={Reading and Writing},
  pages={1--22},
  year={2021},
  publisher={Springer}
}

@article{feng2021face,
  title={Face-viewing patterns predict audiovisual speech integration in autistic children},
  author={Feng, Shuyuan and Lu, Haoyang and Wang, Qiandong and Li, Tianbi and Fang, Jing and Chen, Lihan and Yi, Li},
  journal={Autism Research},
  volume={14},
  number={12},
  pages={2592--2602},
  year={2021},
  publisher={John Wiley \& Sons, Inc. Hoboken, USA}
}

@article{hu2022early,
  title={Early development of social attention in toddlers at high familial risk for autism spectrum disorder},
  author={Hu, Yixiao and Xiong, Qianhan and Wang, Qiandong and Song, Ci and Wang, Duo and Lu, Haoyang and Shi, Wanjun and Han, Ying and Liu, Jing and Li, Xue and others},
  journal={Infant Behavior and Development},
  volume={66},
  pages={101662},
  year={2022},
  publisher={JAI}
}

@article{wang2022investigating,
  title={Investigating intra-individual variability of face scanning in autistic children},
  author={Wang, Qiandong and Lu, Haoyang and Feng, Shuyuan and Song, Ci and Hu, Yixiao and Yi, Li},
  journal={Autism},
  volume={26},
  number={7},
  pages={1752--1764},
  year={2022},
  publisher={SAGE Publications Sage UK: London, England}
}

@article{feng2023increasing,
  title={Increasing audiovisual speech integration in autism through enhanced attention to mouth},
  author={Feng, Shuyuan and Wang, Qiandong and Hu, Yixiao and Lu, Haoyang and Li, Tianbi and Song, Ci and Fang, Jing and Chen, Lihan and Yi, Li},
  journal={Developmental Science},
  volume={26},
  number={4},
  pages={e13348},
  year={2023}
}

@article{ni2023vigilance,
  title={Vigilance or avoidance: How do autistic traits and social anxiety modulate attention to the eyes?},
  author={Ni, Wei and Lu, Haoyang and Wang, Qiandong and Song, Ci and Yi, Li},
  journal={Frontiers in Neuroscience},
  volume={16},
  pages={1081769},
  year={2023},
  publisher={Frontiers}
}

%% end of file `publications.bib'.
